<?xml version="1.0" encoding="UTF-8"?><collection xmlns="http://www.loc.gov/MARC21/slim"><record><leader>00328nam--2200121-i-4500</leader><controlfield tag="001">000028969</controlfield><controlfield tag="002">20161230</controlfield><controlfield tag="005">20161230201037</controlfield><controlfield tag="008">060222s1000------------r-----000-0-eng-d</controlfield><datafield ind1=" " ind2=" " tag="080"><subfield code="a">537.54:061.6</subfield></datafield><datafield ind1=" " ind2=" " tag="245"><subfield code="a">Laboratoire de synthese atomique</subfield></datafield><datafield ind1=" " ind2=" " tag="260"><subfield code="a">Paris, Centre National De La Recherche Scientifique, 1957. 23p</subfield></datafield><datafield ind1=" " ind2=" " tag="852"><subfield code="a">13199</subfield></datafield></record></collection>